<collection xmlns="http://www.loc.gov/MARC21/slim"><record><leader>00633nam  2200205   450</leader><controlfield tag="001">523</controlfield><controlfield tag="003">http://montalegre.opacnet.com/OPAC/default.aspx?ContentAreaControl=ShowRegHoldings.ascx&amp;RegNo=16662</controlfield><datafield tag="095" ind1=" " ind2=" "><subfield code="a">PTBN00214418</subfield></datafield><datafield tag="100" ind1=" " ind2=" "><subfield code="a">20070518d1963    m  y0pora010305  ba</subfield></datafield><datafield tag="101" ind1="1" ind2=" "><subfield code="a">por</subfield><subfield code="c">ger</subfield></datafield><datafield tag="102" ind1=" " ind2=" "><subfield code="a">PT</subfield></datafield><datafield tag="200" ind1="1" ind2=" "><subfield code="a">&lt;A &gt;fronteira</subfield><subfield code="f">Uwe Johnson</subfield><subfield code="g">trad. de Xavier Teles</subfield></datafield><datafield tag="210" ind1=" " ind2=" "><subfield code="a">Lisboa</subfield><subfield code="c">Arcádia</subfield><subfield code="d">[D.L. 1963]</subfield></datafield><datafield tag="215" ind1=" " ind2=" "><subfield code="a">319, [1] p.</subfield><subfield code="d">19 cm</subfield></datafield><datafield tag="225" ind1="2" ind2=" "><subfield code="a">Encontro</subfield><subfield code="v">28</subfield></datafield><datafield tag="304" ind1=" " ind2=" "><subfield code="a">Tít. orig.: Mutmassungen uber Jakob</subfield></datafield><datafield tag="675" ind1=" " ind2=" "><subfield code="a">821</subfield><subfield code="v">BN</subfield><subfield code="z">por</subfield></datafield><datafield tag="700" ind1=" " ind2="1"><subfield code="a">Johnson</subfield><subfield code="b">Uwe</subfield><subfield code="f">1924-</subfield></datafield><datafield tag="702" ind1=" " ind2="1"><subfield code="a">Teles</subfield><subfield code="b">Xavier</subfield><subfield code="4">730</subfield></datafield><datafield tag="801" ind1=" " ind2="0"><subfield code="a">PT</subfield><subfield code="b">Biblioteca Municipal de Montalegre</subfield><subfield code="g">RPC</subfield></datafield><datafield tag="909" ind1="&#9;" ind2=" "><subfield code="a">1</subfield></datafield><datafield tag="966" ind1=" " ind2=" "><subfield code="a">0008143</subfield><subfield code="l">BMM</subfield><subfield code="s">SCG 821 JOH fro 28</subfield></datafield></record></collection>